@string{acie = {Angew. Chem. Int. Ed.}}

@string{advmat = {Adv. Mat.}}

@string{afm = {Adv. Funct. Mater.}}

@string{ams = {Acta Mech. Sin.}}

@string{apl = {Appl. Phys. Lett.}}

@string{arfm = {Annu. Rev. Fluid Mech.}}

@string{bb = {Biotechnolo. Bioeng.}}

@string{bj = {Biophys. J.}}

@string{chemengj = {Chem. Eng. J.}}

@string{cossms = {Curr. Opin. Solid State Mater. Sci.}}

@string{crs = {Chem. Soc. Rev.}}

@string{epje = {Eur. Phys. J E}}

@string{epjst = {Eur. Phys. J. Spec. Top.}}

@string{epl = {Europhys.\ Lett.}}

@string{faraday = {Faraday Discuss.}}

@string{jafc = {J. Agric. Food. Chem.}}

@string{jchrnp = {J. Chem. Phys.}}

@string{jcp = {J. Comput. Phys.}}

@string{jcs = {J. Colloid Sci.}}

@string{jfm = {J. Fluid Mech.}}

@string{jgr = {J. Geophys. Res.}}

@string{jnnf = {J. Non-Newton. Fluid Mech.}}

@string{josj = {J. Oceanogr. Soc. Jpn.}}

@string{journalrheology = {J. Rheol.}}

@string{jvgr = {J. Volcanol. Geoth. Res.}}

@string{matcompt = {Math. Comput.}}

@string{natcom = {Nat. Commun.}}

@string{natphy = {Nat. Phys.}}

@string{pnas = {Proc.\ Natl.\ Acad.\ Sci.\ U.S.A.}}

@string{pof = {Phys.\ Fluids}}

@string{pra = {Phys. Rev. A}}

@string{pre = {Phys. Rev. E}}

@string{prf = {Phys. Rev. Fluids}}

@string{prl = {Phys. Rev. Lett.}}

@string{prslondona = {Proc. R. Soc. London, Ser. A}}

@string{rce = {Rev. Chem. Eng.}}

@string{rheoacta = {Rheol. Acta}}

@string{rmp = {Rev.\ Mod.\ Phys.}}

@string{rpp = {Rep. Prog. Phys.}}

@string{sciadv = {Sci. Adv.}}

@string{scirep = {Sci. Rep.}}

@string{sm = {Soft Matter}}


@article{josserand2016drop,
	author = {Josserand, C. and Thoroddsen, S. T.},
	file = {:articles/josserrand(2016).pdf:PDF},
	journal = arfm,
	pages = {365--391},
	publisher = {Annual Reviews},
	title = {Drop impact on a solid surface},
	volume = {48},
	year = {2016}}

@article{wildeman2016spreading,
	author = {Wildeman, S. and Visser, C. W. and Sun, C. and Lohse, D.},
	date-added = {2021-02-04 17:05:28 +0100},
	date-modified = {2021-02-04 17:08:59 +0100},
	journal = {J. Fluid Mech.},
	pages = {636-655},
	title = {On the spreading of impacting drops},
	volume = {805},
	year = {2016}}

@phdthesis{VatsalThesis,
	title = {Viscous Free-Surface Flows},
	keywords = {Drops, Bubble dynamics, Free-surface flows, Viscosity, Capillarity},
	author = {Sanjay, V.},
	doi = {10.3990/1.9789036554077},
	language = {English},
	year = {2022},
	month = {Jul},
	day = {4},
	isbn = {978-90-365-5407-7},
	publisher = {University of Twente},
	address = {Netherlands},
	school = {University of Twente}
}

@article{zhang2022impact,
	title={Impact forces of water drops falling on superhydrophobic surfaces},
	author = {Zhang, B. and Sanjay, V. and Shi, S. and Zhao, Y. and Lv, C. and Lohse, D.},
	journal=prl,
	volume={129},
	number={10},
	pages={104501},
	year={2022},
	publisher={APS}
}
@misc{basiliskVatsal,
	author = {Sanjay, V.},
	howpublished = {\url{https://github.com/VatsalSy/Impact-forces-of-water-drops-falling-on-superhydrophobic-surfaces.git} (Last accessed: February 4, 2022)},
	title = {Code repository: {Impact} forces of water drops falling on superhydrophobic surfaces},
	year = {2022}
}

@article{vatsalInProgress,
	author = {Sanjay, V. and Chantelot, P. and Lohse, D.},
	title={When does an impacting drop stop bouncing?},
	journal={arXiv preprint arXiv:2208.05935},
	year={2022}
}
@misc{basiliskVatsalViscousBouncing,
	author = {Sanjay, V.},
	howpublished = {\url{https://github.com/VatsalSy/When-does-a-drop-stop-bouncing} (Last accessed: April 20, 2022)},
	title = {Code repository: When does a drop stop bouncing?},
	year = {2022}}

@article{sanjay2022drop,
	title={Drop impact on viscous liquid films},
	author = {Sanjay, V. and Lakshman, S. and Chantelot, P. and Snoeijer, J. H. and Lohse, D.},
	journal={arXiv preprint arXiv:2206.06298},
	year={2022}
}
@misc{basiliskVatsalDropFilm,
	author = {Sanjay, V.},
	howpublished = {\url{https://github.com/VatsalSy/Drop-impact-on-viscous-liquid-films} (Last accessed: April 1, 2022)},
	title = {Code repository: Drop impact on viscous liquid films},
	year = {2022}}

@article{mandre2012mechanism,
	title={The mechanism of a splash on a dry solid surface},
	author={Mandre, S. and Brenner, M. P.},
	journal=jfm,
	volume={690},
	pages={148--172},
	year={2012},
	publisher={Cambridge University Press}
}

@article{Bartolo2006Singular,
	author = {Bartolo, D. and Josserand, C. and Bonn, D.},
	journal = prl,
	number = {12},
	pages = {124501},
	publisher = {APS},
	title = {Singular jets and bubbles in drop impact},
	volume = {96},
	year = {2006}}

@article{sanjay_lohse_jalaal_2021, 
	title={Bursting bubble in a viscoplastic medium}, 
	volume={922}, 
	journal=jfm,
	publisher={Cambridge University Press}, 
	author={Sanjay, V. and Lohse, D. and Jalaal, M.}, 
	year={2021}, 
	pages={A2}}

@article{renardy2003pyramidal,
  title={Pyramidal and toroidal water drops after impact on a solid surface},
  author={Renardy, Y. and Popinet, S. and Duchemin, L. and Renardy, M. and Zaleski, S. and Josserand, C. and Drumright-Clarke, M. A. and Richard, D. and Clanet, C. and Qu{\'e}r{\'e}, D.},
  journal=jfm,
  volume={484},
  pages={69--83},
  year={2003},
  publisher={Cambridge University Press}
}