@article{lhuissier2012bursting,
	title={Bursting bubble aerosols},
	author={Lhuissier, H. and Villermaux, E.},
	journal={J. Fluid Mech},
	volume={696},
	pages={5--44},
	year={2012},
	publisher={Cambridge University Press}
}