% Bibliography file for VP_Numerics project
% Add references here as needed