%% This BibTeX bibliography file was created by merging all project-specific .bib files
%% Original files merged:
%% - BubbleBursting_NonNewtonian/refrence.bib
%% - BubbleSpreadingLIS/reference.bib
%% - DropImpact/reference.bib
%% - DropsOnFibers/reference.bib
%% - FilamentRetraction/refrence.bib
%% - HoleySheets/Bubble_bursting.bib
%% - VP_Impact_proposal/reference.bib
%% - _Template/refrence.bib
%% 
%% Consolidated on 2025-08-22

@string{acie = {Angew. Chem. Int. Ed.}}
@string{advmat = {Adv. Mat.}}
@string{afm = {Adv. Funct. Mater.}}
@string{ams = {Acta Mech. Sin.}}
@string{apl = {Appl. Phys. Lett.}}
@string{arfm = {Annu. Rev. Fluid Mech.}}
@string{bb = {Biotechnolo. Bioeng.}}
@string{bj = {Biophys. J.}}
@string{chemengj = {Chem. Eng. J.}}
@string{cossms = {Curr. Opin. Solid State Mater. Sci.}}
@string{crs = {Chem. Soc. Rev.}}
@string{epje = {Eur. Phys. J E}}
@string{epjst = {Eur. Phys. J. Spec. Top.}}
@string{epl = {Europhys.\ Lett.}}
@string{faraday = {Faraday Discuss.}}
@string{jafc = {J. Agric. Food. Chem.}}
@string{jchrnp = {J. Chem. Phys.}}
@string{jcp = {J. Comput. Phys.}}
@string{jcs = {J. Colloid Sci.}}
@string{jfm = {J. Fluid Mech.}}
@string{jgr = {J. Geophys. Res.}}
@string{jnnf = {J. Non-Newton. Fluid Mech.}}
@string{josj = {J. Oceanogr. Soc. Jpn.}}
@string{journalrheology = {J. Rheol.}}
@string{jvgr = {J. Volcanol. Geoth. Res.}}
@string{matcompt = {Math. Comput.}}
@string{natcom = {Nat. Commun.}}
@string{natphy = {Nat. Phys.}}
@string{pnas = {Proc.\ Natl.\ Acad.\ Sci.\ U.S.A.}}
@string{pof = {Phys.\ Fluids}}
@string{pra = {Phys. Rev. A}}
@string{pre = {Phys. Rev. E}}
@string{prf = {Phys. Rev. Fluids}}
@string{prl = {Phys. Rev. Lett.}}
@string{prslondona = {Proc. R. Soc. London, Ser. A}}
@string{rce = {Rev. Chem. Eng.}}
@string{rheoacta = {Rheol. Acta}}
@string{rmp = {Rev.\ Mod.\ Phys.}}
@string{rpp = {Rep. Prog. Phys.}}
@string{sciadv = {Sci. Adv.}}
@string{scirep = {Sci. Rep.}}
@string{sm = {Soft Matter}}

% =================
% MERGED REFERENCES
% =================

% From BubbleBursting_NonNewtonian/refrence.bib and _Template/refrence.bib
@article{ghabache2016evaporation,
	author = {Ghabache, {\'E}. and Liger-Belair, G. and Antkowiak, A. and S{\'e}on, T.},
	date-added = {2025-02-01 11:32:53 +0100},
	date-modified = {2025-02-01 11:36:24 +0100},
	journal = {Sci. Rep. },
	number = {1},
	pages = {25148},
	publisher = {Nature Publishing Group UK London},
	title = {Evaporation of droplets in a Champagne wine aerosol},
	volume = {6},
	year = {2016}}

@article{dixit2024viscoelastic,
  title = {Viscoelastic {{Worthington}} Jets and Droplets Produced by Bursting Bubbles},
  author = {Dixit, A. K. and Oratis, A. and Zinelis, K. and Lohse, D. and Sanjay, V.},
  date = {2025-05},
  journaltitle = {J. Fluid Mech.},
  volume = {1010},
  pages = {A2},
  issn = {0022-1120, 1469-7645},
  doi = {10.1017/jfm.2025.237},
  keywords = {viscoelasticity}
}


@article{deike2018dynamics,
	author = {Deike, L. and Ghabache, E. and Liger-Belair, G. and Das, A. K. and Zaleski, S. and Popinet, S. and S{\'e}on, R.},
	journal = prf,
	number = {1},
	pages = {013603},
	publisher = {APS},
	title = {Dynamics of jets produced by bursting bubbles},
	volume = {3},
	year = {2018}}

@article{brasz2018minimum,
	author = {Brasz, C. F. and Bartlett, C. T. and Walls, P. L. L. and Flynn, E. G. and Yu, Y. E. and Bird, J. C.},
	journal = prf,
	number = {7},
	pages = {074001},
	publisher = {APS},
	title = {Minimum size for the top jet drop from a bursting bubble},
	volume = {3},
	year = {2018}}

@article{duchemin2002jet,
	author = {Duchemin, L. and Popinet, S. and Josserand, C. and Zaleski, S.},
	journal = pof,
	number = {9},
	pages = {3000--3008},
	publisher = {AIP},
	title = {Jet formation in bubbles bursting at a free surface},
	volume = {14},
	year = {2002}}

@article{lhuissier2012bursting,
	author = {Lhuissier, H. and Villermaux, E.},
	journal = jfm,
	pages = {5--44},
	publisher = {Cambridge University Press},
	title = {Bursting bubble aerosols},
	volume = {696},
	year = {2012}}

@article{sanjay_lohse_jalaal_2021,
	author = {Sanjay, V. and Lohse, D. and Jalaal, M.},
	journal = {J. Fluid Mech.},
	pages = {A2},
	publisher = {Cambridge University Press},
	title = {Bursting bubble in a viscoplastic medium},
	volume = {922},
	year = {2021}}

@article{gordillo2019capillary,
	author = {Gordillo, J. M. and Rodr{\'\i}guez-Rodr{\'\i}guez, J.},
	journal = jfm,
	pages = {556--571},
	publisher = {Cambridge University Press},
	title = {Capillary waves control the ejection of bubble bursting jets},
	volume = {867},
	year = {2019}}

@article{walls2015jet,
	author = {Walls, P. L. L. and Henaux, L. and Bird, J. C.},
	journal = pre,
	number = {2},
	pages = {021002},
	publisher = {APS},
	title = {Jet drops from bursting bubbles: How gravity and viscosity couple to inhibit droplet production},
	volume = {92},
	year = {2015}}

@article{walls2017quantifying,
	author = {Walls, P. L. L. and McRae, O. and Natarajan, V. and Johnson, C. and Antoniou, C. and Bird, J. C.},
	journal = scirep,
	number = {1},
	pages = {15102},
	publisher = {Nature Publishing Group},
	title = {Quantifying the potential for bursting bubbles to damage suspended cells},
	volume = {7},
	year = {2017}}

@article{bourouiba2021fluid,
	author = {Bourouiba, L.},
	journal = arfm,
	pages = {473--508},
	publisher = {Annual Reviews},
	title = {The fluid dynamics of disease transmission},
	volume = {53},
	year = {2021}}

% From BubbleSpreadingLIS/reference.bib and DropImpact/reference.bib (shared entries)
@article{josserand2016drop,
	author = {Josserand, C. and Thoroddsen, S. T.},
	file = {:articles/josserrand(2016).pdf:PDF},
	journal = arfm,
	pages = {365--391},
	publisher = {Annual Reviews},
	title = {Drop impact on a solid surface},
	volume = {48},
	year = {2016}}

@article{wildeman2016spreading,
	author = {Wildeman, S. and Visser, C. W. and Sun, C. and Lohse, D.},
	date-added = {2021-02-04 17:05:28 +0100},
	date-modified = {2021-02-04 17:08:59 +0100},
	journal = {J. Fluid Mech.},
	pages = {636-655},
	title = {On the spreading of impacting drops},
	volume = {805},
	year = {2016}}

@phdthesis{VatsalThesis,
	title = {Viscous Free-Surface Flows},
	keywords = {Drops, Bubble dynamics, Free-surface flows, Viscosity, Capillarity},
	author = {Sanjay, V.},
	doi = {10.3990/1.9789036554077},
	year = {2022},
	month = {Jul},
	day = {4},
	isbn = {978-90-365-5407-7},
	publisher = {University of Twente},
	address = {Netherlands},
	school = {University of Twente}
}

@article{zhang2022impact,
	title={Impact forces of water drops falling on superhydrophobic surfaces},
	author = {Zhang, B. and Sanjay, V. and Shi, S. and Zhao, Y. and Lv, C. and Lohse, D.},
	journal=prl,
	volume={129},
	number={10},
	pages={104501},
	year={2022},
	publisher={APS}
}

@misc{basiliskVatsal,
	author = {Sanjay, V.},
	howpublished = {\url{https://github.com/VatsalSy/Impact-forces-of-water-drops-falling-on-superhydrophobic-surfaces.git} (Last accessed: February 4, 2022)},
	title = {Code repository: {Impact} forces of water drops falling on superhydrophobic surfaces},
	year = {2022}
}

@article{sanjayWhenDoesImpacting2023,
  title = {When Does an Impacting Drop Stop Bouncing?},
  author = {Sanjay, Vatsal and Chantelot, Pierre and Lohse, Detlef},
  date = {2023-03-10},
  journaltitle = {J. Fluid Mech.},
  shortjournal = {J. Fluid Mech.},
  volume = {958},
  pages = {A26},
  issn = {0022-1120, 1469-7645},
  doi = {10.1017/jfm.2023.55}
}


@misc{basiliskVatsalViscousBouncing,
	author = {Sanjay, V.},
	howpublished = {\url{https://github.com/VatsalSy/When-does-a-drop-stop-bouncing} (Last accessed: April 20, 2022)},
	title = {Code repository: When does a drop stop bouncing?},
	year = {2022}}

@article{sanjayDropImpactViscous2023,
  title = {Drop Impact on Viscous Liquid Films},
  author = {Sanjay, V. and Lakshman, S. and Chantelot, P. and Snoeijer, J. H. and Lohse, D.},
  date = {2023},
  journaltitle = {J. Fluid Mech.},
  volume = {958},
  pages = {A25},
  publisher = {Cambridge University Press}
}


@misc{basiliskVatsalDropFilm,
	author = {Sanjay, V.},
	howpublished = {\url{https://github.com/VatsalSy/Drop-impact-on-viscous-liquid-films} (Last accessed: April 1, 2022)},
	title = {Code repository: Drop impact on viscous liquid films},
	year = {2022}}

@article{mandre2012mechanism,
	title={The mechanism of a splash on a dry solid surface},
	author={Mandre, S. and Brenner, M. P.},
	journal=jfm,
	volume={690},
	pages={148--172},
	year={2012},
	publisher={Cambridge University Press}
}

@article{Bartolo2006Singular,
	author = {Bartolo, D. and Josserand, C. and Bonn, D.},
	journal = prl,
	number = {12},
	pages = {124501},
	publisher = {APS},
	title = {Singular jets and bubbles in drop impact},
	volume = {96},
	year = {2006}}

@article{renardy2003pyramidal,
  title={Pyramidal and toroidal water drops after impact on a solid surface},
  author={Renardy, Y. and Popinet, S. and Duchemin, L. and Renardy, M. and Zaleski, S. and Josserand, C. and Drumright-Clarke, M. A. and Richard, D. and Clanet, C. and Qu{\'e}r{\'e}, D.},
  journal=jfm,
  volume={484},
  pages={69--83},
  year={2003},
  publisher={Cambridge University Press}
}

% From DropsOnFibers/reference.bib (unique entries)
@article{zhou2022dripping,
	title={Dripping instability of a two-dimensional liquid film under an inclined plate},
	author={Zhou, G. and Prosperetti, A.},
	journal=jfm,
	volume={932},
	pages={A49},
	year={2022},
	publisher={Cambridge University Press}
}

@article{gabbard2021asymmetric,
	title={Asymmetric instability in thin-film flow down a fiber},
	author={Gabbard, C. T. and Bostwick, J. B.},
	journal=prf,
	volume={6},
	number={3},
	pages={034005},
	year={2021},
	publisher={APS}
}

@article{quere1990thin,
	title={Thin films flowing on vertical fibers},
	author={Qu{\'e}r{\'e}, D.},
	journal=epl,
	volume={13},
	number={8},
	pages={721},
	year={1990},
	publisher={IOP Publishing}
}

@article{craster2009dynamics,
	title={Dynamics and stability of thin liquid films},
	author={Craster, R. V. and Matar, O. K.},
	journal=rmp,
	volume={81},
	number={3},
	pages={1131},
	year={2009},
	publisher={APS}
}

@article{quere1999fluid,
	title={Fluid coating on a fiber},
	author={Qu{\'e}r{\'e}, D.},
	journal=arfm,
	volume={31},
	number={1},
	pages={347--384},
	year={1999}
}

@article{kliakhandler2001viscous,
	title={Viscous beads on vertical fibre},
	author={Kliakhandler, I. L. and Davis, S. H. and Bankoff, S. G.},
	journal=jfm,
	volume={429},
	pages={381--390},
	year={2001},
	publisher={Cambridge University Press}
}

@article{kalliadasis1994drop,
	title={Drop formation during coating of vertical fibres},
	author={Kalliadasis, S. and Chang, H.-C.},
	journal=jfm,
	volume={261},
	pages={135--168},
	year={1994},
	publisher={Cambridge University Press}
}

@article{halpern2017slip,
	title={Slip-enhanced drop formation in a liquid falling down a vertical fibre},
	author={Halpern, D. and Wei, H.-H.},
	journal=jfm,
	volume={820},
	pages={42--60},
	year={2017},
	publisher={Cambridge University Press}
}

@article{craster2006viscous,
	title={On viscous beads flowing down a vertical fibre},
	author={Craster, R. V. and Matar, O. K.},
	journal=jfm,
	volume={553},
	pages={85--105},
	year={2006},
	publisher={Cambridge University Press}
}

@article{frenkel1992nonlinear,
	title={Nonlinear theory of strongly undulating thin films flowing down vertical cylinders},
	author={Frenkel, A. L.},
	journal=epl,
	volume={18},
	number={7},
	pages={583},
	year={1992},
	publisher={IOP Publishing}
}

@article{rietz2017dynamics,
	title={Dynamics of falling films on the outside of a vertical rotating cylinder: waves, rivulets and dripping transitions},
	author={Rietz, M. and Scheid, B. and Gallaire, F. and Kofman, N. and Kneer, R. and Rohlfs, W.},
	journal=jfm,
	volume={832},
	pages={189--211},
	year={2017},
	publisher={Cambridge University Press}
}

@article{pour2023experimental,
	title={Experimental study of dripping, jetting and drop-off from thin film flows on inclined fibers},
	author={Karimi, A. P. and Rietz, M. and Rohlfs, W. and Scheid, B. and Kneer, R.},
	journal={Eur. Phys. J. Spec. Top.},
	pages={1--9},
	year={2023},
	publisher={Springer}
}

% From FilamentRetraction/refrence.bib (unique entries)
@article{scharfman2016visualization,
	author = {Scharfman, B. E. and Techet, A. H. and Bush, J. W. M. and Bourouiba, L.},
	date-added = {2025-02-04 11:10:12 +0100},
	date-modified = {2025-02-04 12:02:45 +0100},
	journal = {Exp. Fluids},
	number = {2},
	pages = {1--9},
	publisher = {Springer},
	title = {Visualization of sneeze ejecta: steps of fluid fragmentation leading to respiratory droplets},
	volume = {57},
	year = {2016}}

@article{sen2021retraction,
	author = {Sen, U. and Datt, C. and Segers, T. and Wijshoff, H. and Snoeijer, J. H. and Versluis, M. and Lohse, D.},
	date-added = {2025-02-04 11:08:21 +0100},
	date-modified = {2025-02-04 12:03:00 +0100},
	journal = {J. Fluid Mech.},
	pages = {A25},
	publisher = {Cambridge University Press},
	title = {The retraction of jetted slender viscoelastic liquid filaments},
	volume = {929},
	year = {2021}}

@article{liu2022contraction,
	author = {Liu, X. and Wagoner, B. W. and Basaran, O. A.},
	date-added = {2025-02-04 11:08:05 +0100},
	date-modified = {2025-02-04 12:03:24 +0100},
	journal = {Phys. Rev. Fluids},
	number = {12},
	pages = {L121601},
	publisher = {APS},
	title = {Contraction velocity of viscoelastic filaments},
	volume = {7},
	year = {2022}}

@article{anthony2019dynamics,
	author = {Anthony, C. R. and Kamat, P. M. and Harris, M. T. and Basaran, O. A.},
	date-added = {2025-02-04 11:07:16 +0100},
	date-modified = {2025-02-04 12:03:19 +0100},
	journal = {Phys. Rev. Fluids},
	number = {9},
	pages = {093601},
	publisher = {APS},
	title = {Dynamics of contracting filaments},
	volume = {4},
	year = {2019}}

@article{kant2023bag,
	author = {Kant, P. and Pairetti, C. and Saade, Y. and Popinet, S. and Zaleski, S. and Lohse, D.},
	date-added = {2025-02-04 11:06:19 +0100},
	date-modified = {2025-02-04 12:03:29 +0100},
	journal = {Phys. Rev. Fluids},
	number = {7},
	pages = {074802},
	publisher = {APS},
	title = {Bag-mediated film atomization in a cough machine},
	volume = {8},
	year = {2023}}