@string{acie = {Angew. Chem. Int. Ed.}}

@string{advmat = {Adv. Mat.}}

@string{afm = {Adv. Funct. Mater.}}

@string{ams = {Acta Mech. Sin.}}

@string{apl = {Appl. Phys. Lett.}}

@string{arfm = {Annu. Rev. Fluid Mech.}}

@string{bb = {Biotechnolo. Bioeng.}}

@string{bj = {Biophys. J.}}

@string{chemengj = {Chem. Eng. J.}}

@string{cossms = {Curr. Opin. Solid State Mater. Sci.}}

@string{crs = {Chem. Soc. Rev.}}

@string{epje = {Eur. Phys. J E}}

@string{epjst = {Eur. Phys. J. Spec. Top.}}

@string{epl = {Europhys.\ Lett.}}

@string{faraday = {Faraday Discuss.}}

@string{jafc = {J. Agric. Food. Chem.}}

@string{jchrnp = {J. Chem. Phys.}}

@string{jcp = {J. Comput. Phys.}}

@string{jcs = {J. Colloid Sci.}}

@string{jfm = {J. Fluid Mech.}}

@string{jgr = {J. Geophys. Res.}}

@string{jnnf = {J. Non-Newton. Fluid Mech.}}

@string{josj = {J. Oceanogr. Soc. Jpn.}}

@string{journalrheology = {J. Rheol.}}

@string{jvgr = {J. Volcanol. Geoth. Res.}}

@string{matcompt = {Math. Comput.}}

@string{natcom = {Nat. Commun.}}

@string{natphy = {Nat. Phys.}}

@string{pnas = {Proc.\ Natl.\ Acad.\ Sci.\ U.S.A.}}

@string{pof = {Phys.\ Fluids}}

@string{pra = {Phys. Rev. A}}

@string{pre = {Phys. Rev. E}}

@string{prf = {Phys. Rev. Fluids}}

@string{prl = {Phys. Rev. Lett.}}

@string{prslondona = {Proc. R. Soc. London, Ser. A}}

@string{rce = {Rev. Chem. Eng.}}

@string{rheoacta = {Rheol. Acta}}

@string{rmp = {Rev.\ Mod.\ Phys.}}

@string{rpp = {Rep. Prog. Phys.}}

@string{sciadv = {Sci. Adv.}}

@string{scirep = {Sci. Rep.}}

@string{sm = {Soft Matter}}

@article{zhou2022dripping,
	title={Dripping instability of a two-dimensional liquid film under an inclined plate},
	author={Zhou, G. and Prosperetti, A.},
	journal=jfm,
	volume={932},
	pages={A49},
	year={2022},
	publisher={Cambridge University Press}
}

@article{gabbard2021asymmetric,
	title={Asymmetric instability in thin-film flow down a fiber},
	author={Gabbard, C. T. and Bostwick, J. B.},
	journal=prf,
	volume={6},
	number={3},
	pages={034005},
	year={2021},
	publisher={APS}
}

@article{quere1990thin,
	title={Thin films flowing on vertical fibers},
	author={Qu{\'e}r{\'e}, D.},
	journal=epl,
	volume={13},
	number={8},
	pages={721},
	year={1990},
	publisher={IOP Publishing}
}

@misc{basiliskVatsal,
	author = {Sanjay, V.},
	howpublished = {\url{https://github.com/VatsalSy/Impact-forces-of-water-drops-falling-on-superhydrophobic-surfaces.git} (Last accessed: February 4, 2022)},
	title = {Code repository: {Impact} forces of water drops falling on superhydrophobic surfaces},
	year = {2022}
}

@misc{basiliskVatsalViscousBouncing,
	author = {Sanjay, V.},
	howpublished = {\url{https://github.com/VatsalSy/When-does-a-drop-stop-bouncing} (Last accessed: April 20, 2022)},
	title = {Code repository: When does a drop stop bouncing?},
	year = {2022}}

@misc{basiliskVatsalDropFilm,
	author = {Sanjay, V.},
	howpublished = {\url{https://github.com/VatsalSy/Drop-impact-on-viscous-liquid-films} (Last accessed: April 1, 2022)},
	title = {Code repository: Drop impact on viscous liquid films},
	year = {2022}}

@phdthesis{VatsalThesis,
	title = {Viscous Free-Surface Flows},
	keywords = {Drops, Bubble dynamics, Free-surface flows, Viscosity, Capillarity},
	author = {Sanjay, V.},
	doi = {10.3990/1.9789036554077},
	year = {2022},
	month = {Jul},
	day = {4},
	isbn = {978-90-365-5407-7},
	publisher = {University of Twente},
	address = {Netherlands},
	school = {University of Twente}
}

@article{craster2009dynamics,
	title={Dynamics and stability of thin liquid films},
	author={Craster, R. V. and Matar, O. K.},
	journal=rmp,
	volume={81},
	number={3},
	pages={1131},
	year={2009},
	publisher={APS}
}

@article{quere1999fluid,
	title={Fluid coating on a fiber},
	author={Qu{\'e}r{\'e}, D.},
	journal=arfm,
	volume={31},
	number={1},
	pages={347--384},
	year={1999}
}
@article{kliakhandler2001viscous,
	title={Viscous beads on vertical fibre},
	author={Kliakhandler, I. L. and Davis, S. H. and Bankoff, S. G.},
	journal=jfm,
	volume={429},
	pages={381--390},
	year={2001},
	publisher={Cambridge University Press}
}
@article{kalliadasis1994drop,
	title={Drop formation during coating of vertical fibres},
	author={Kalliadasis, S. and Chang, H.-C.},
	journal=jfm,
	volume={261},
	pages={135--168},
	year={1994},
	publisher={Cambridge University Press}
}
@article{halpern2017slip,
	title={Slip-enhanced drop formation in a liquid falling down a vertical fibre},
	author={Halpern, D. and Wei, H.-H.},
	journal=jfm,
	volume={820},
	pages={42--60},
	year={2017},
	publisher={Cambridge University Press}
}
@article{craster2006viscous,
	title={On viscous beads flowing down a vertical fibre},
	author={Craster, R. V. and Matar, O. K.},
	journal=jfm,
	volume={553},
	pages={85--105},
	year={2006},
	publisher={Cambridge University Press}
}
@article{frenkel1992nonlinear,
	title={Nonlinear theory of strongly undulating thin films flowing down vertical cylinders},
	author={Frenkel, A. L.},
	journal=epl,
	volume={18},
	number={7},
	pages={583},
	year={1992},
	publisher={IOP Publishing}
}

@article{rietz2017dynamics,
	title={Dynamics of falling films on the outside of a vertical rotating cylinder: waves, rivulets and dripping transitions},
	author={Rietz, M. and Scheid, B. and Gallaire, F. and Kofman, N. and Kneer, R. and Rohlfs, W.},
	journal=jfm,
	volume={832},
	pages={189--211},
	year={2017},
	publisher={Cambridge University Press}
}

@article{pour2023experimental,
	title={Experimental study of dripping, jetting and drop-off from thin film flows on inclined fibers},
	author={Karimi, A. P. and Rietz, M. and Rohlfs, W. and Scheid, B. and Kneer, R.},
	journal={Eur. Phys. J. Spec. Top.},
	pages={1--9},
	year={2023},
	publisher={Springer}
}